@book{hyvarinen2009natural,
  title={Natural Image Statistics: A Probabilistic Approach to Early Computational Vision.},
  author={Hyv{\"a}rinen, A. and Hurri, J. and Hoyer, P.},
  year={2009},
  publisher={Springer}
}

@article{kulesza2012determinantal,
  title={Determinantal point processes for machine learning},
  author={Kulesza, Alex and Taskar, Ben and others},
  journal={Foundations and Trends{\textregistered} in Machine Learning},
  volume={5},
  number={2--3},
  pages={123--286},
  year={2012},
  publisher={Now Publishers, Inc.}
}

@Article{Simonyan14c,
    author       = "Simonyan, K. and Zisserman, A.",
    title        = "Very Deep Convolutional Networks for Large-Scale Image Recognition",
    journal      = "CoRR",
    volume       = "abs/1409.1556",
    year         = "2014"
}

@InProceedings{cimpoi14describing,
	      Author    = {M. Cimpoi and S. Maji and I. Kokkinos and S. Mohamed and A. Vedaldi},
	      Title     = {Describing Textures in the Wild},
	      Booktitle = {Proceedings of the {IEEE} Conf. on Computer Vision and Pattern Recognition ({CVPR})},
	      Year      = {2014}}
	      
@inproceedings{nguyen2017plug,
  title={Plug \& Play Generative Networks: Conditional Iterative Generation of Images in Latent Space},
  author={Nguyen, Anh and Clune, Jeff and Bengio, Yoshua and Dosovitskiy, Alexey and Yosinski, Jason},
  booktitle={Proceedings of the IEEE Conference on Computer Vision and Pattern Recognition},
  year={2017},
  organization={IEEE}
}

@inproceedings{WellingT11,
  author    = {Max Welling and
               Yee Whye Teh},
  title     = {Bayesian Learning via Stochastic Gradient Langevin Dynamics},
  booktitle = {Proceedings of the 28th International Conference on Machine Learning,
               {ICML} 2011, Bellevue, Washington, USA, June 28 - July 2, 2011},
  pages     = {681--688},
  year      = {2011},
  crossref  = {DBLP:conf/icml/2011},
  timestamp = {Wed, 29 Mar 2017 16:45:25 +0200},
  biburl    = {http://dblp.uni-trier.de/rec/bib/conf/icml/WellingT11},
  bibsource = {dblp computer science bibliography, http://dblp.org}
}

@article{aae,
  author    = {Alireza Makhzani and
               Jonathon Shlens and
               Navdeep Jaitly and
               Ian J. Goodfellow},
  title     = {Adversarial Autoencoders},
  journal   = {CoRR},
  volume    = {abs/1511.05644},
  year      = {2015},
  url       = {http://arxiv.org/abs/1511.05644},
  timestamp = {Wed, 07 Jun 2017 14:42:14 +0200},
  biburl    = {http://dblp.uni-trier.de/rec/bib/journals/corr/MakhzaniSJG15},
  bibsource = {dblp computer science bibliography, http://dblp.org}
}

@article{invgan,
  author    = {Guim Perarnau and
               Joost van de Weijer and
               Bogdan Raducanu and
               Jose M. {\'{A}}lvarez},
  title     = {Invertible Conditional GANs for image editing},
  journal   = {CoRR},
  volume    = {abs/1611.06355},
  year      = {2016},
  url       = {http://arxiv.org/abs/1611.06355},
  timestamp = {Wed, 07 Jun 2017 14:40:09 +0200},
  biburl    = {http://dblp.uni-trier.de/rec/bib/journals/corr/PerarnauWRA16},
  bibsource = {dblp computer science bibliography, http://dblp.org}
}

@article{iWGAN,
  author    = {Ishaan Gulrajani and
               Faruk Ahmed and
               Mart{\'{\i}}n Arjovsky and
               Vincent Dumoulin and
               Aaron C. Courville},
  title     = {Improved Training of Wasserstein GANs},
  journal   = {CoRR},
  volume    = {abs/1704.00028},
  year      = {2017},
  url       = {http://arxiv.org/abs/1704.00028},
  timestamp = {Wed, 07 Jun 2017 14:42:35 +0200},
  biburl    = {http://dblp.uni-trier.de/rec/bib/journals/corr/GulrajaniAADC17},
  bibsource = {dblp computer science bibliography, http://dblp.org}
}

@article{AroraZ17,
  author    = {Sanjeev Arora and
               Yi Zhang},
  title     = {Do GANs actually learn the distribution? An empirical study},
  journal   = {CoRR},
  volume    = {abs/1706.08224},
  year      = {2017},
  url       = {http://arxiv.org/abs/1706.08224},
  timestamp = {Mon, 03 Jul 2017 13:29:02 +0200},
  biburl    = {http://dblp.uni-trier.de/rec/bib/journals/corr/AroraZ17},
  bibsource = {dblp computer science bibliography, http://dblp.org}
}

@inproceedings{PSGAN2017,
  author    = {Urs Bergmann and Nikolay Jetchev and Roland Vollgraf},
  title     = {Learning Texture Manifolds with the Periodic Spatial {GAN}},
  booktitle={Proceedings of The 34th International Conference on Machine Learning},
  year={2017}
}

@book{Szeliski2010,
 author = {Szeliski, Richard},
 title = {Computer Vision: Algorithms and Applications},
 year = {2010},
 isbn = {1848829345, 9781848829343},
 edition = {1st},
 publisher = {Springer-Verlag New York, Inc.},
 address = {New York, NY, USA},
} 

@article{WilmotRB17,
  author    = {P. Wilmot and
               E. Risser and
               C. Barnes},
  title     = {Stable and Controllable Neural Texture Synthesis and Style Transfer
               Using Histogram Losses},
  journal   = {CoRR},
  volume    = {abs/1701.08893},
  year      = {2017},
  url       = {http://arxiv.org/abs/1701.08893},
}

@article{NguyenDYBC16,
  author    = {Anh Mai Nguyen and
               Alexey Dosovitskiy and
               Jason Yosinski and
               Thomas Brox and
               Jeff Clune},
  title     = {Synthesizing the preferred inputs for neurons in neural networks via
               deep generator networks},
  journal   = {CoRR},
  volume    = {abs/1605.09304},
  year      = {2016},
  url       = {http://arxiv.org/abs/1605.09304},
  timestamp = {Wed, 01 Jun 2016 15:51:07 +0200},
  biburl    = {http://dblp.uni-trier.de/rec/bib/journals/corr/NguyenDYBC16},
  bibsource = {dblp computer science bibliography, http://dblp.org}
}

@inproceedings{JIM,
 author = {Kim, J. and Pellacini, F.},
 title = {Jigsaw Image Mosaics},
 booktitle = {Proc. of the 29th Annual Conference on Computer Graphics and Interactive Techniques},
 series = {SIGGRAPH},
 year = {2002},
} 

@book{photomosaic,
author = {Robert Silvers},
title = {Photomosaics},
year = {1997},
isbn = {0805057951},
publisher = {Henry Holt and Co., Inc.}
}

@inproceedings{Hertzmann2001,
  title={Image analogies},
  author={Hertzmann, Aaron and Jacobs, Charles E and Oliver, Nuria and Curless, Brian and Salesin, David H},
  booktitle={Proceedings of the 28th annual conference on Computer graphics and interactive techniques},
  pages={327--340},
  year={2001},
  organization={ACM}
}

@article{LRGAN,
  author    = {Jianwei Yang and
               Anitha Kannan and
               Dhruv Batra and
               Devi Parikh},
  title     = {{LR-GAN:} Layered Recursive Generative Adversarial Networks for Image
               Generation},
  journal   = {CoRR},
  volume    = {abs/1703.01560},
  year      = {2017},
  url       = {http://arxiv.org/abs/1703.01560},
  timestamp = {Wed, 07 Jun 2017 01:00:00 +0200},
  biburl    = {http://dblp.uni-trier.de/rec/bib/journals/corr/YangKBP17},
  bibsource = {dblp computer science bibliography, http://dblp.org}
}

@article{LuanPSB17,
  author    = {Fujun Luan and
               Sylvain Paris and
               Eli Shechtman and
               Kavita Bala},
  title     = {Deep Photo Style Transfer},
  journal   = {CoRR},
  volume    = {abs/1703.07511},
  year      = {2017},
  url       = {http://arxiv.org/abs/1703.07511},
  timestamp = {Wed, 07 Jun 2017 14:41:24 +0200},
  biburl    = {http://dblp.uni-trier.de/rec/bib/journals/corr/LuanPSB17},
  bibsource = {dblp computer science bibliography, http://dblp.org}
}

@inproceedings{reed2016generative,
  title={Generative Adversarial Text-to-Image Synthesis},
  author={Scott Reed and Zeynep Akata and Xinchen Yan and Lajanugen Logeswaran and Bernt Schiele and Honglak Lee},
  booktitle={Proceedings of The 33rd International Conference on Machine Learning},
  year={2016}
}


@inproceedings{chictopia,
  added-at = {2016-05-12T00:00:00.000+0200},
  author = {Liang, Xiaodan and Xu, Chunyan and Shen, Xiaohui and Yang, Jianchao and Liu, Si and Tang, Jinhui and Lin, Liang and Yan, Shuicheng},
  biburl = {http://www.bibsonomy.org/bibtex/2a98b6472a99b5dd8ba4cc979bc3bdfcf/dblp},
  booktitle = {ICCV},
  crossref = {conf/iccv/2015},
  ee = {http://doi.ieeecomputersociety.org/10.1109/ICCV.2015.163},
  interhash = {68fae00f0728bcb809d9af53f222bd62},
  intrahash = {a98b6472a99b5dd8ba4cc979bc3bdfcf},
  isbn = {978-1-4673-8391-2},
  keywords = {dblp},
  pages = {1386-1394},
  timestamp = {2016-05-13T12:11:00.000+0200},
  title = {Human Parsing with Contextualized Convolutional Neural Network.},
  url = {http://dblp.uni-trier.de/db/conf/iccv/iccv2015.html#LiangXSYLTLY15},
  year = 2015
}


@article{pix2pix2016,
  title={Image-to-Image Translation with Conditional Adversarial Networks},
  author={Isola, Phillip and Zhu, Jun-Yan and Zhou, Tinghui and Efros, Alexei A},
  journal={CoRR},
  year={2016},
   volume    = {abs/1611.07004},
}


@inproceedings{zhang2016colorful,
  title={Colorful Image Colorization},
  author={Zhang, Richard and Isola, Phillip and Efros, Alexei A},
  booktitle={ECCV},
  year={2016}
}

@ARTICLE{texturegan,
   author = {{Xian}, W. and {Sangkloy}, P. and {Lu}, J. and {Fang}, C. and 
	{Yu}, F. and {Hays}, J.},
    title = "{TextureGAN: Controlling Deep Image Synthesis with Texture Patches}",
  journal = {ArXiv e-prints},
archivePrefix = "arXiv",
   eprint = {1706.02823},
 primaryClass = "cs.CV",
 keywords = {Computer Science - Computer Vision and Pattern Recognition, Computer Science - Graphics},
     year = 2017,
    month = jun,
   adsurl = {http://adsabs.harvard.edu/abs/2017arXiv170602823X},
  adsnote = {Provided by the SAO/NASA Astrophysics Data System}
}


@article{cyclegan,
  author    = {Jun{-}Yan Zhu and
               Taesung Park and
               Phillip Isola and
               Alexei A. Efros},
  title     = {Unpaired Image-to-Image Translation using Cycle-Consistent Adversarial
               Networks},
  journal   = {CoRR},
  volume    = {abs/1703.10593},
  year      = {2017},
  url       = {http://arxiv.org/abs/1703.10593},
  timestamp = {Wed, 07 Jun 2017 14:40:17 +0200},
  biburl    = {http://dblp.uni-trier.de/rec/bib/journals/corr/ZhuPIE17},
  bibsource = {dblp computer science bibliography, http://dblp.org}
}

@article{clothnet,
  author    = {Christoph Lassner and
               Gerard Pons{-}Moll and
               Peter V. Gehler},
  title     = {A Generative Model of People in Clothing},
  journal   = {CoRR},
  volume    = {abs/1705.04098},
  year      = {2017},
  url       = {http://arxiv.org/abs/1705.04098}
}

@article{pix2pix,
  author    = {Phillip Isola and
               Jun{-}Yan Zhu and
               Tinghui Zhou and
               Alexei A. Efros},
  title     = {Image-to-Image Translation with Conditional Adversarial Networks},
  journal   = {CoRR},
  volume    = {abs/1611.07004},
  year      = {2016},
  url       = {http://arxiv.org/abs/1611.07004}
}

@article{MetzPPS16,
  author    = {Luke Metz and
               Ben Poole and
               David Pfau and
               Jascha Sohl{-}Dickstein},
  title     = {Unrolled Generative Adversarial Networks},
  journal   = {CoRR},
  volume    = {abs/1611.02163},
  year      = {2016},
  url       = {http://arxiv.org/abs/1611.02163},
}

@article{wgan2017,
    author = {Arjovsky, Martin and Chintala, Soumith and Bottou, L\'{e}on},
    title = {{Wasserstein GAN}},
    url = {http://arxiv.org/abs/1701.07875},
    year = {2017}
}

@article{LiW16b,
  author    = {Chuan Li and
               Michael Wand},
  title     = {Precomputed Real-Time Texture Synthesis with {M}arkovian Generative
               Adversarial Networks},
  journal   = {CoRR},
  volume    = {abs/1604.04382},
  year      = {2016}
}

@article{PerarnauWRA16,
  author    = {Guim Perarnau and
               Joost van de Weijer and
               Bogdan Raducanu and
               Jose M. {\'{A}}lvarez},
  title     = {Invertible Conditional {GAN}s for image editing},
  journal   = {CoRR},
  volume    = {abs/1611.06355},
  year      = {2016},
  url       = {http://arxiv.org/abs/1611.06355},
  timestamp = {Thu, 01 Dec 2016 19:32:08 +0100},
  biburl    = {http://dblp.uni-trier.de/rec/bib/journals/corr/PerarnauWRA16},
  bibsource = {dblp computer science bibliography, http://dblp.org}
}

@inproceedings{NeilPL16,
  author    = {Daniel Neil and
               Michael Pfeiffer and
               Shih{-}Chii Liu},
  title     = {Phased {LSTM:} Accelerating Recurrent Network Training for Long or
               Event-based Sequences},
  booktitle = {{NIPS} 2016},
  pages     = {3882--3890},
  year      = {2016}
}

@INPROCEEDINGS{Tylecek13,
  author = {Radim Tyle{\v c}ek, Radim {\v S}{\' a}ra},
  title = {Spatial Pattern Templates for Recognition of Objects with Regular Structure},
  booktitle = {Proc. GCPR},
  year = {2013},
  address = {Saarbr\"ucken, Germany},
}

@inproceedings{ZhuKSE16,
  author    = {Jun{-}Yan Zhu and
               Philipp Kr{\"{a}}henb{\"{u}}hl and
               Eli Shechtman and
               Alexei A. Efros},
  title     = {Generative Visual Manipulation on the Natural Image Manifold},
  booktitle = {{ECCV} 2016},
  pages     = {597--613},
  year      = {2016},
}

@article{MirzaO14,
  author    = {Mehdi Mirza and
               Simon Osindero},
  title     = {Conditional Generative Adversarial Nets},
  journal   = {CoRR},
  volume    = {abs/1411.1784},
  year      = {2014},
  url       = {http://arxiv.org/abs/1411.1784},
  timestamp = {Mon, 01 Dec 2014 14:32:13 +0100},
  biburl    = {http://dblp.uni-trier.de/rec/bib/journals/corr/MirzaO14},
  bibsource = {dblp computer science bibliography, http://dblp.org}
}

@article{GatysEB15a,
  author    = {Leon A. Gatys and
               Alexander S. Ecker and
               Matthias Bethge},
  title     = {A Neural Algorithm of Artistic Style},
  journal   = {CoRR},
  volume    = {abs/1508.06576},
  year      = {2015},
  url       = {http://arxiv.org/abs/1508.06576},
  timestamp = {Tue, 01 Sep 2015 14:42:40 +0200},
  biburl    = {http://dblp.uni-trier.de/rec/bib/journals/corr/GatysEB15a},
  bibsource = {dblp computer science bibliography, http://dblp.org}
}

@article{DumoulinSK16,
  author    = {Vincent Dumoulin and
               Jonathon Shlens and
               Manjunath Kudlur},
  title     = {A Learned Representation For Artistic Style},
  journal   = {CoRR},
  volume    = {abs/1610.07629},
  year      = {2016},
  url       = {http://arxiv.org/abs/1610.07629},
  timestamp = {Wed, 02 Nov 2016 09:51:26 +0100},
  biburl    = {http://dblp.uni-trier.de/rec/bib/journals/corr/DumoulinSK16},
  bibsource = {dblp computer science bibliography, http://dblp.org}
}


@article{SGAN2016,
  author    = {Nikolay Jetchev and
               Urs Bergmann and
               Roland Vollgraf},
  title     = {Texture Synthesis with Spatial Generative Adversarial Networks},
  journal   = {CoRR},
  volume    = {abs/1611.08207},
  year      = {2016},
  url       = {http://arxiv.org/abs/1611.08207},
  timestamp = {Thu, 01 Dec 2016 19:32:08 +0100},
  biburl    = {http://dblp.uni-trier.de/rec/bib/journals/corr/JetchevBV16},
  bibsource = {dblp computer science bibliography, http://dblp.org}
}
	      
@article{infogan,
  author    = {Xi Chen and
               Yan Duan and
               Rein Houthooft and
               John Schulman and
               Ilya Sutskever and
               Pieter Abbeel},
  title     = {InfoGAN: Interpretable Representation Learning by Information Maximizing
               Generative Adversarial Nets},
  journal   = {CoRR},
  volume    = {abs/1606.03657},
  year      = {2016},
  url       = {http://arxiv.org/abs/1606.03657},
  timestamp = {Fri, 01 Jul 2016 17:39:49 +0200},
  biburl    = {http://dblp.uni-trier.de/rec/bib/journals/corr/ChenDHSSA16},
  bibsource = {dblp computer science bibliography, http://dblp.org}
}

@inproceedings{IoffeS15,
  author    = {Sergey Ioffe and
               Christian Szegedy},
  title     = {Batch Normalization: Accelerating Deep Network Training by Reducing
               Internal Covariate Shift},
  booktitle = {Proceedings of the 32nd International Conference on Machine Learning},
  year      = {2015},
  url       = {http://jmlr.org/proceedings/papers/v37/ioffe15.html},
  timestamp = {Tue, 12 Jul 2016 21:51:15 +0200},
  biburl    = {http://dblp.uni-trier.de/rec/bib/conf/icml/IoffeS15},
  bibsource = {dblp computer science bibliography, http://dblp.org}
}

@inproceedings{DCC2013,
	author="G. Georgiadis and A. Chiuso and S. Soatto",
	title="Texture Compression",
	booktitle="Data Compression Conference",
	year="2013",
	month="March"
}


@article{Dumoulin2016,
author = {Dumoulin, Vincent and Visin, Francesco},
title={A guide to convolution arithmetic for deep learning.},
year={2016},
url={arXiv preprint arXiv:1603.07285},
journal = {arXiv:1603.07285}
}

@article{KingmaB14,
  author    = {Diederik P. Kingma and
               Jimmy Ba},
  title     = {Adam: {A} Method for Stochastic Optimization},
  journal   = {CoRR},
  volume    = {abs/1412.6980},
  year      = {2014},
  url       = {http://arxiv.org/abs/1412.6980},
  timestamp = {Thu, 01 Jan 2015 19:51:08 +0100},
  biburl    = {http://dblp.uni-trier.de/rec/bib/journals/corr/KingmaB14},
  bibsource = {dblp computer science bibliography, http://dblp.org}
}

@inproceedings{ulyanov16texture,
 author = {Dmitry Ulyanov and Vadim Lebedev and Andrea Vedaldi and Victor Lempitsky},
 bdsk-url-1 = {http://likemo.net/},
 booktitle = {International Conference on Machine Learning},
 title = {Texture Networks: Feed-forward Synthesis of Textures and Stylized Images},
 year = {2016}
}

@inproceedings{Johnson2016Perceptual,
  title={Perceptual losses for real-time style transfer and super-resolution},
  author={Johnson, Justin and Alahi, Alexandre and Fei-Fei, Li},
  booktitle={European Conference on Computer Vision},
  year={2016}
}

@inproceedings{LLH04,
 author = {Liu, Yanxi and Lin, Wen-Chieh and Hays, James},
 title = {Near-regular Texture Analysis and Manipulation},
 booktitle = {ACM SIGGRAPH Papers},
 year = {2004},
 numpages = {9},
 url = {http://doi.acm.org/10.1145/1186562.1015731},
 doi = {10.1145/1186562.1015731},
 acmid = {1015731},
 keywords = {deformation field, near-regular texture, texture analysis, texture manipulation, texture replacement, texture synthesis},
} 

@inproceedings{lapgan,
title = {Deep Generative Image Models using a {L}aplacian Pyramid of Adversarial Networks},
author = {Emily Denton, Soumith Chintala, Arthur Szlam and Rob Fergus},
booktitle = {Advances in Neural Information Processing Systems 28},
year = {2015},
}

@InProceedings{DB15a,
  author       = "Jost T. Springenberg and Alexey Dosovitskiy and Thomas Brox and Martin Riedmiller",
  title        = "Striving for Simplicity: The All Convolutional Net",
  booktitle    = "ICLR (workshop track)",
  year         = "2015",
  url          = "http://lmb.informatik.uni-freiburg.de//Publications/2015/DB15a"
}

@inproceedings {egst.20091063,
booktitle = {Eurographics 2009 - State of the Art Reports},
editor = {M. Pauly and G. Greiner},
title = {{State of the Art in Example-based Texture Synthesis}},
author = {Wie, Li-Yi and Lefebvre, Sylvain and Kwatra, Vivek and Turk, Greg},
year = {2009},
publisher = {The Eurographics Association},
DOI = {10.2312/egst.20091063}
}

@inproceedings{EfrosP,
 author = {Efros, Alexei A. and Leung, Thomas K.},
 title = {Texture Synthesis by Non-Parametric Sampling},
 booktitle = {Proceedings of the International Conference on Computer Vision},
 year = {1999},
 isbn = {0-7695-0164-8},
 url = {http://dl.acm.org/citation.cfm?id=850924.851569},
 acmid = {851569},
}

@inproceedings{EfrosQ,
 author = {Efros, Alexei A. and Freeman, William T.},
 title = {Image Quilting for Texture Synthesis and Transfer},
 booktitle = {Proceedings of the 28th Annual Conference on Computer Graphics and Interactive Techniques},
 series = {SIGGRAPH},
 year = {2001},
 isbn = {1-58113-374-X},
 url = {http://doi.acm.org/10.1145/383259.383296},
 doi = {10.1145/383259.383296},
 acmid = {383296},
 keywords = {image-based rendering, texture mapping, texture synthesis},
} 

@article{Portilla:2000,
 author = {Portilla, Javier and Simoncelli, Eero P.},
 title = {A Parametric Texture Model Based on Joint Statistics of Complex Wavelet Coefficients},
 journal = {Int. J. Comput. Vision},
 volume = {40},
 number = {1},
 month = oct,
 year = {2000},
 url = {http://dx.doi.org/10.1023/A:1026553619983},
 doi = {10.1023/A:1026553619983},
 acmid = {363108},
 publisher = {Kluwer Academic Publishers},
 address = {Hingham, MA, USA},
 keywords = {Julesz conjecture, Markov random field, altering projections, non Gaussian statstics, textur modeling, texture synthesis},
} 

@inproceedings{Gatys2015b,
  author = "Leon Gatys and Alexander Ecker and Matthias Bethge",
  title = "Texture Synthesis Using Convolutional Neural Networks",
  year = 2015,
  booktitle = "Advances in Neural Information Processing Systems 28",
  keywords = "texture synthesis, ventral stream, convolutional neural networks, deep learning",
  url = "http://arxiv.org/abs/1505.07376"
}

@inproceedings{Theis2015c,
  author = "Lucas Theis and Matthias Bethge",
  title = "Generative Image Modeling Using Spatial {LSTMs}",
  year = 2015,
  booktitle = "Advances in Neural Information Processing Systems 28",
  keywords = "deep learning, generative modeling, natural image statistics, lstm, mcgsm",
  url = "http://arxiv.org/abs/1506.03478"
}

@inproceedings{Goodfellow14,
  author    = {Ian J. Goodfellow and
               Jean Pouget{-}Abadie and
               Mehdi Mirza and
               Bing Xu and
               David Warde{-}Farley and
               Sherjil Ozair and
               Aaron C. Courville and
               Yoshua Bengio},
  title     = {Generative Adversarial Nets},
  booktitle = {Advances in Neural Information Processing Systems 27},
  year      = {2014}
}

@article{RadfordMC15,
  author    = {Alec Radford and
               Luke Metz and
               Soumith Chintala},
  title     = {Unsupervised Representation Learning with Deep Convolutional Generative
               Adversarial Networks},
  journal   = {CoRR},
  volume    = {abs/1511.06434},
  year      = {2015},
  url       = {http://arxiv.org/abs/1511.06434},
  timestamp = {Tue, 01 Dec 2015 19:22:34 +0100},
  biburl    = {http://dblp.uni-trier.de/rec/bib/journals/corr/RadfordMC15},
  bibsource = {dblp computer science bibliography, http://dblp.org}
}


@article{amidror2015sub,
  title={Sub-Nyquist artefacts and sampling moir{\'e} effects},
  author={Amidror, Isaac},
  journal={Royal Society open science},
  volume={2},
  number={3},
  pages={140550},
  year={2015},
  publisher={The Royal Society}
}

